<?xml version="1.0"?>
<marc:collection xmlns:marc="http://www.loc.gov/MARC21/slim" xmlns:xsi="http://www.w3.org/2001/XMLSchema-instance" xsi:schemaLocation="http://www.loc.gov/MARC21/slim http://www.loc.gov/standards/marcxml/schema/MARC21slim.xsd">
   <marc:record type="Bibliographic">
      <marc:leader>01440cam a2200349Ia 4500</marc:leader>
      <marc:controlfield tag="001">3867177</marc:controlfield>
      <marc:controlfield tag="003">NjP</marc:controlfield>
      <marc:controlfield tag="005">20100811092137.0</marc:controlfield>
      <marc:controlfield tag="008">000816m19371938ua            000 0 arard</marc:controlfield>
      <marc:datafield tag="024" ind1="7" ind2=" ">
         <marc:subfield code="a">princeton_aco000130</marc:subfield>
         <marc:subfield code="2">local</marc:subfield>
      </marc:datafield>
      <marc:datafield tag="035" ind1=" " ind2=" ">
         <marc:subfield code="a">(OCoLC)ocn178633331</marc:subfield>
      </marc:datafield>
      <marc:datafield tag="035" ind1=" " ind2=" ">
         <marc:subfield code="a">(OCoLC)ocm44796040</marc:subfield>
      </marc:datafield>
      <marc:datafield tag="035" ind1=" " ind2=" ">
         <marc:subfield code="a">(OCoLC)178633331</marc:subfield>
      </marc:datafield>
      <marc:datafield tag="035" ind1=" " ind2=" ">
         <marc:subfield code="a">(NjP)3867177</marc:subfield>
      </marc:datafield>
      <marc:datafield tag="040" ind1=" " ind2=" ">
         <marc:subfield code="a">IUL</marc:subfield>
         <marc:subfield code="c">PUL</marc:subfield>
         <marc:subfield code="d">PUL</marc:subfield>
      </marc:datafield>
      <marc:datafield tag="049" ind1=" " ind2=" ">
         <marc:subfield code="a">PULL</marc:subfield>
      </marc:datafield>
      <marc:datafield tag="050" ind1=" " ind2="4">
         <marc:subfield code="a">PJ7510</marc:subfield>
         <marc:subfield code="b">.M992</marc:subfield>
      </marc:datafield>
      <marc:datafield tag="079" ind1=" " ind2=" ">
         <marc:subfield code="a">ocm44796040</marc:subfield>
      </marc:datafield>
      <marc:datafield tag="100" ind1="1" ind2=" ">
         <marc:subfield code="6">880-01</marc:subfield>
         <marc:subfield code="a">Mus&#x323;t&#x323;afa&#x301;, Mah&#x323;mu&#x304;d.</marc:subfield>
      </marc:datafield>
      <marc:datafield tag="245" ind1="1" ind2="3">
         <marc:subfield code="6">880-02</marc:subfield>
         <marc:subfield code="a">al-Adab al-&#x2BB;Arabi&#x304; wa-ta&#x304;ri&#x304;khih /</marc:subfield>
         <marc:subfield code="c">ta&#x2BC;li&#x304;f Mah&#x323;mu&#x304;d Mus&#x323;t&#x323;afa&#x301;.</marc:subfield>
      </marc:datafield>
      <marc:datafield tag="250" ind1=" " ind2=" ">
         <marc:subfield code="6">880-03</marc:subfield>
         <marc:subfield code="a">al-T&#x323;ab&#x2BB;ah 2.</marc:subfield>
      </marc:datafield>
      <marc:datafield tag="260" ind1=" " ind2=" ">
         <marc:subfield code="6">880-04</marc:subfield>
         <marc:subfield code="a">Mis&#x323;r :</marc:subfield>
         <marc:subfield code="b">Mus&#x323;t&#x323;afa&#x301; al-Ba&#x304;bi&#x304; al-H&#x323;alabi&#x304;,</marc:subfield>
         <marc:subfield code="c">1937-1938.</marc:subfield>
      </marc:datafield>
      <marc:datafield tag="300" ind1=" " ind2=" ">
         <marc:subfield code="a">3 v. ;</marc:subfield>
         <marc:subfield code="c">25 cm.</marc:subfield>
      </marc:datafield>
      <marc:datafield tag="505" ind1="0" ind2=" ">
         <marc:subfield code="6">880-05</marc:subfield>
         <marc:subfield code="a">1. Fi&#x304; &#x2BB;as&#x323;ray s&#x323;adr al-Isla&#x304;m wa-al-Dawlah al-Umawi&#x304;yah -- 2. Fi&#x304; al-&#x2BB;as&#x323;r al-&#x2BB;Abba&#x304;si&#x304;.</marc:subfield>
      </marc:datafield>
      <marc:datafield tag="650" ind1=" " ind2="0">
         <marc:subfield code="a">Arabic literature</marc:subfield>
         <marc:subfield code="x">History and criticism.</marc:subfield>
      </marc:datafield>
      <marc:datafield tag="880" ind1="1" ind2=" ">
         <marc:subfield code="6">100-01/r</marc:subfield>
         <marc:subfield code="a">&#x645;&#x635;&#x637;&#x641;&#x649;&#x60C; &#x645;&#x62D;&#x645;&#x648;&#x62F;.</marc:subfield>
      </marc:datafield>
      <marc:datafield tag="880" ind1="1" ind2="2">
         <marc:subfield code="6">245-02/r</marc:subfield>
         <marc:subfield code="a">&#x627;&#x644;&#x627;&#x62F;&#x628; &#x627;&#x644;&#x639;&#x631;&#x628;&#x64A; &#x648;&#x62A;&#x627;&#x631;&#x64A;&#x62E;&#x647; /</marc:subfield>
         <marc:subfield code="c">&#x62A;&#x623;&#x644;&#x64A;&#x641; &#x645;&#x62D;&#x645;&#x648;&#x62F; &#x645;&#x635;&#x637;&#x641;&#x649;.</marc:subfield>
      </marc:datafield>
      <marc:datafield tag="880" ind1=" " ind2=" ">
         <marc:subfield code="6">250-03/r</marc:subfield>
         <marc:subfield code="a">&#x627;&#x644;&#x637;&#x628;&#x639;&#x629; 2.</marc:subfield>
      </marc:datafield>
      <marc:datafield tag="880" ind1=" " ind2=" ">
         <marc:subfield code="6">260-04/r</marc:subfield>
         <marc:subfield code="a">&#x645;&#x635;&#x631; :</marc:subfield>
         <marc:subfield code="b">&#x645;&#x635;&#x637;&#x641;&#x649; &#x627;&#x644;&#x628;&#x627;&#x628;&#x64A; &#x627;&#x644;&#x62D;&#x644;&#x628;&#x64A;&#x60C;</marc:subfield>
         <marc:subfield code="c">1937-1938.</marc:subfield>
      </marc:datafield>
      <marc:datafield tag="880" ind1="0" ind2=" ">
         <marc:subfield code="6">505-05/r</marc:subfield>
         <marc:subfield code="a">1. &#x641;&#x64A; &#x639;&#x635;&#x631;&#x64A; &#x635;&#x62F;&#x631; &#x627;&#x644;&#x627;&#x633;&#x644;&#x627;&#x645; &#x648;&#x627;&#x644;&#x62F;&#x648;&#x644;&#x629; &#x627;&#x644;&#x627;&#x645;&#x648;&#x64A;&#x629;  2. &#x641;&#x64A; &#x627;&#x644;&#x639;&#x635;&#x631; &#x627;&#x644;&#x639;&#x628;&#x627;&#x633;&#x64A;.</marc:subfield>
      </marc:datafield>
      <marc:datafield tag="852" ind1="0" ind2=" ">
         <marc:subfield code="b">nec</marc:subfield>
         <marc:subfield code="h">PJ7510</marc:subfield>
         <marc:subfield code="i">.M992 1937</marc:subfield>
         <marc:subfield code="p">4167826</marc:subfield>
         <marc:subfield code="x">reclassed from: 2258.671764</marc:subfield>
      </marc:datafield>
      <marc:datafield tag="904" ind1=" " ind2=" ">
         <marc:subfield code="a">mv</marc:subfield>
         <marc:subfield code="b">m</marc:subfield>
         <marc:subfield code="h">m</marc:subfield>
         <marc:subfield code="c">t</marc:subfield>
         <marc:subfield code="e">20030331</marc:subfield>
      </marc:datafield>
      <marc:datafield tag="994" ind1=" " ind2=" ">
         <marc:subfield code="a">C0</marc:subfield>
         <marc:subfield code="b">PUL</marc:subfield>
      </marc:datafield>
      <marc:datafield tag="999" ind1=" " ind2=" ">
         <marc:subfield code="a">3867177</marc:subfield>
      </marc:datafield>
   </marc:record>
</marc:collection>
